@online{roberts,
    author  = "Andrew Roberts",
    title   = {/url{http://www.andy-roberts.net/writing}}
}

@online{Perf,
	author = {Perf wiki},
	title={/url{https://perf.wiki.kernel.org/index.php/Tutorial}},
}
@online{matplot,
	author = {Matplot},
	title={/url{http://matplotlib.org/}},
}


@online{box2d,
	author = {Erin Catto},
	title ={/url{http://box2d.org/manual.pdf}},
	year = 2007
}
@book{HCVerma,
	author = "H C Verma",
	title = "Concepts of Physics"
	publisher="Bharati Bhavan Publications"
	year=1992
}

